%YAML 1.1
%TAG !u! tag:unity3d.com,2011:
--- !u!1 &164056
GameObject:
  m_ObjectHideFlags: 0
  m_CorrespondingSourceObject: {fileID: 0}
  m_PrefabInstance: {fileID: 0}
  m_PrefabAsset: {fileID: 0}
  serializedVersion: 6
  m_Component:
  - component: {fileID: 441798}
  - component: {fileID: 2823575469565433042}
  m_Layer: 10
  m_Name: SM_Prop_LightPole_Base_01
  m_TagString: Environment
  m_Icon: {fileID: 0}
  m_NavMeshLayer: 0
  m_StaticEditorFlags: 4294967295
  m_IsActive: 1
--- !u!4 &441798
Transform:
  m_ObjectHideFlags: 0
  m_CorrespondingSourceObject: {fileID: 0}
  m_PrefabInstance: {fileID: 0}
  m_PrefabAsset: {fileID: 0}
  m_GameObject: {fileID: 164056}
  m_LocalRotation: {x: 0, y: 0, z: 0, w: 1}
  m_LocalPosition: {x: 0, y: 0, z: 0}
  m_LocalScale: {x: 1, y: 1, z: 1}
  m_Children:
  - {fileID: 850948012}
  - {fileID: 1585177660}
  - {fileID: 888594251}
  - {fileID: 234027089}
  - {fileID: 1494811846}
  - {fileID: 329208019}
  - {fileID: 2583237180643218154}
  - {fileID: 2147126841}
  - {fileID: 977717082}
  - {fileID: 1546360691}
  - {fileID: 765786009}
  - {fileID: 1273038948}
  - {fileID: 1377409894}
  - {fileID: 7419811586898469473}
  m_Father: {fileID: 0}
  m_RootOrder: 0
  m_LocalEulerAnglesHint: {x: 0, y: 0, z: 0}
--- !u!205 &2823575469565433042
LODGroup:
  m_ObjectHideFlags: 0
  m_CorrespondingSourceObject: {fileID: 0}
  m_PrefabInstance: {fileID: 0}
  m_PrefabAsset: {fileID: 0}
  m_GameObject: {fileID: 164056}
  serializedVersion: 2
  m_LocalReferencePoint: {x: -0.00006198883, y: 3.241499, z: 1.0664997}
  m_Size: 6.482998
  m_FadeMode: 0
  m_AnimateCrossFading: 0
  m_LastLODIsBillboard: 0
  m_LODs:
  - screenRelativeHeight: 0.04561674
    fadeTransitionWidth: 0
    renderers:
    - renderer: {fileID: 6355507803764572162}
  m_Enabled: 1
--- !u!1 &2481030483911918999
GameObject:
  m_ObjectHideFlags: 0
  m_CorrespondingSourceObject: {fileID: 0}
  m_PrefabInstance: {fileID: 0}
  m_PrefabAsset: {fileID: 0}
  serializedVersion: 6
  m_Component:
  - component: {fileID: 2583237180643218154}
  - component: {fileID: 3156345355499552627}
  - component: {fileID: 6355507803764572162}
  - component: {fileID: 486642735}
  - component: {fileID: 486642734}
  m_Layer: 10
  m_Name: SM_Prop_LightPole_Base_01(Clone)
  m_TagString: Untagged
  m_Icon: {fileID: 0}
  m_NavMeshLayer: 0
  m_StaticEditorFlags: 4294967295
  m_IsActive: 1
--- !u!4 &2583237180643218154
Transform:
  m_ObjectHideFlags: 0
  m_CorrespondingSourceObject: {fileID: 0}
  m_PrefabInstance: {fileID: 0}
  m_PrefabAsset: {fileID: 0}
  m_GameObject: {fileID: 2481030483911918999}
  m_LocalRotation: {x: -0, y: -0, z: -0, w: 1}
  m_LocalPosition: {x: 0, y: 0, z: 0}
  m_LocalScale: {x: 1, y: 1, z: 1}
  m_Children: []
  m_Father: {fileID: 441798}
  m_RootOrder: 6
  m_LocalEulerAnglesHint: {x: 0, y: 0, z: 0}
--- !u!33 &3156345355499552627
MeshFilter:
  m_ObjectHideFlags: 0
  m_CorrespondingSourceObject: {fileID: 0}
  m_PrefabInstance: {fileID: 0}
  m_PrefabAsset: {fileID: 0}
  m_GameObject: {fileID: 2481030483911918999}
  m_Mesh: {fileID: 4300000, guid: 4f59a66caa51dd342a8ba246d9d0264f, type: 3}
--- !u!23 &6355507803764572162
MeshRenderer:
  m_ObjectHideFlags: 0
  m_CorrespondingSourceObject: {fileID: 0}
  m_PrefabInstance: {fileID: 0}
  m_PrefabAsset: {fileID: 0}
  m_GameObject: {fileID: 2481030483911918999}
  m_Enabled: 1
  m_CastShadows: 1
  m_ReceiveShadows: 1
  m_DynamicOccludee: 1
  m_MotionVectors: 1
  m_LightProbeUsage: 1
  m_ReflectionProbeUsage: 1
  m_RenderingLayerMask: 1
  m_RendererPriority: 0
  m_Materials:
  - {fileID: 2100000, guid: 62e25ef75a2216f418d06453c9ad15cb, type: 2}
  m_StaticBatchInfo:
    firstSubMesh: 0
    subMeshCount: 0
  m_StaticBatchRoot: {fileID: 0}
  m_ProbeAnchor: {fileID: 0}
  m_LightProbeVolumeOverride: {fileID: 0}
  m_ScaleInLightmap: 1
  m_PreserveUVs: 0
  m_IgnoreNormalsForChartDetection: 0
  m_ImportantGI: 0
  m_StitchLightmapSeams: 0
  m_SelectedEditorRenderState: 3
  m_MinimumChartSize: 4
  m_AutoUVMaxDistance: 0.5
  m_AutoUVMaxAngle: 89
  m_LightmapParameters: {fileID: 0}
  m_SortingLayerID: 0
  m_SortingLayer: 0
  m_SortingOrder: 0
--- !u!65 &486642735
BoxCollider:
  m_ObjectHideFlags: 0
  m_CorrespondingSourceObject: {fileID: 0}
  m_PrefabInstance: {fileID: 0}
  m_PrefabAsset: {fileID: 0}
  m_GameObject: {fileID: 2481030483911918999}
  m_Material: {fileID: 0}
  m_IsTrigger: 0
  m_Enabled: 1
  serializedVersion: 2
  m_Size: {x: 0.34573555, y: 0.2086811, z: 0.7283497}
  m_Center: {x: -0.0000009536743, y: 6.3786573, z: 1.9416895}
--- !u!65 &486642734
BoxCollider:
  m_ObjectHideFlags: 0
  m_CorrespondingSourceObject: {fileID: 0}
  m_PrefabInstance: {fileID: 0}
  m_PrefabAsset: {fileID: 0}
  m_GameObject: {fileID: 2481030483911918999}
  m_Material: {fileID: 0}
  m_IsTrigger: 0
  m_Enabled: 1
  serializedVersion: 2
  m_Size: {x: 0.34573555, y: 5.7920628, z: 0.40955925}
  m_Center: {x: -0.0000009536743, y: 2.8960314, z: 0.03191471}
--- !u!1 &8591844077747931150
GameObject:
  m_ObjectHideFlags: 0
  m_CorrespondingSourceObject: {fileID: 0}
  m_PrefabInstance: {fileID: 0}
  m_PrefabAsset: {fileID: 0}
  serializedVersion: 6
  m_Component:
  - component: {fileID: 7419811586898469473}
  - component: {fileID: 334926544306174088}
  m_Layer: 10
  m_Name: Spot Light
  m_TagString: Untagged
  m_Icon: {fileID: 0}
  m_NavMeshLayer: 0
  m_StaticEditorFlags: 4294967295
  m_IsActive: 1
--- !u!4 &7419811586898469473
Transform:
  m_ObjectHideFlags: 0
  m_CorrespondingSourceObject: {fileID: 0}
  m_PrefabInstance: {fileID: 0}
  m_PrefabAsset: {fileID: 0}
  m_GameObject: {fileID: 8591844077747931150}
  m_LocalRotation: {x: 0.70710677, y: -0.0000061569745, z: 0.0000061569745, w: 0.70710677}
  m_LocalPosition: {x: 0.000016689299, y: 6.3400006, z: 2.0100095}
  m_LocalScale: {x: 1, y: 1, z: 1}
  m_Children: []
  m_Father: {fileID: 441798}
  m_RootOrder: 13
  m_LocalEulerAnglesHint: {x: 90, y: 0.034, z: 0.035}
--- !u!108 &334926544306174088
Light:
  m_ObjectHideFlags: 0
  m_CorrespondingSourceObject: {fileID: 0}
  m_PrefabInstance: {fileID: 0}
  m_PrefabAsset: {fileID: 0}
  m_GameObject: {fileID: 8591844077747931150}
  m_Enabled: 1
  serializedVersion: 8
  m_Type: 0
  m_Color: {r: 0.8254717, g: 1, b: 0.99647284, a: 1}
  m_Intensity: 2.61
  m_Range: 8.32662
  m_SpotAngle: 83.082565
  m_CookieSize: 10
  m_Shadows:
    m_Type: 0
    m_Resolution: -1
    m_CustomResolution: -1
    m_Strength: 1
    m_Bias: 0.05
    m_NormalBias: 0.4
    m_NearPlane: 0.2
  m_Cookie: {fileID: 0}
  m_DrawHalo: 0
  m_Flare: {fileID: 0}
  m_RenderMode: 0
  m_CullingMask:
    serializedVersion: 2
    m_Bits: 4294967295
  m_Lightmapping: 2
  m_LightShadowCasterMode: 0
  m_AreaSize: {x: 1, y: 1}
  m_BounceIntensity: 1
  m_ColorTemperature: 6570
  m_UseColorTemperature: 0
  m_ShadowRadius: 0
  m_ShadowAngle: 0
--- !u!1001 &234193413
PrefabInstance:
  m_ObjectHideFlags: 0
  serializedVersion: 2
  m_Modification:
    m_TransformParent: {fileID: 441798}
    m_Modifications:
    - target: {fileID: 119666, guid: 916be2ac89687b0458f9c3b7759c3248, type: 3}
      propertyPath: m_Name
      value: SM_Prop_LightPole_CrossButton_01
      objectReference: {fileID: 0}
    - target: {fileID: 490068, guid: 916be2ac89687b0458f9c3b7759c3248, type: 3}
      propertyPath: m_LocalPosition.x
      value: 0
      objectReference: {fileID: 0}
    - target: {fileID: 490068, guid: 916be2ac89687b0458f9c3b7759c3248, type: 3}
      propertyPath: m_LocalPosition.y
      value: 0
      objectReference: {fileID: 0}
    - target: {fileID: 490068, guid: 916be2ac89687b0458f9c3b7759c3248, type: 3}
      propertyPath: m_LocalPosition.z
      value: 0
      objectReference: {fileID: 0}
    - target: {fileID: 490068, guid: 916be2ac89687b0458f9c3b7759c3248, type: 3}
      propertyPath: m_LocalRotation.x
      value: 0
      objectReference: {fileID: 0}
    - target: {fileID: 490068, guid: 916be2ac89687b0458f9c3b7759c3248, type: 3}
      propertyPath: m_LocalRotation.y
      value: 1
      objectReference: {fileID: 0}
    - target: {fileID: 490068, guid: 916be2ac89687b0458f9c3b7759c3248, type: 3}
      propertyPath: m_LocalRotation.z
      value: 0
      objectReference: {fileID: 0}
    - target: {fileID: 490068, guid: 916be2ac89687b0458f9c3b7759c3248, type: 3}
      propertyPath: m_LocalRotation.w
      value: -0.00000016292068
      objectReference: {fileID: 0}
    - target: {fileID: 490068, guid: 916be2ac89687b0458f9c3b7759c3248, type: 3}
      propertyPath: m_RootOrder
      value: 3
      objectReference: {fileID: 0}
    - target: {fileID: 490068, guid: 916be2ac89687b0458f9c3b7759c3248, type: 3}
      propertyPath: m_LocalEulerAnglesHint.x
      value: 0
      objectReference: {fileID: 0}
    - target: {fileID: 490068, guid: 916be2ac89687b0458f9c3b7759c3248, type: 3}
      propertyPath: m_LocalEulerAnglesHint.y
      value: 0
      objectReference: {fileID: 0}
    - target: {fileID: 490068, guid: 916be2ac89687b0458f9c3b7759c3248, type: 3}
      propertyPath: m_LocalEulerAnglesHint.z
      value: 0
      objectReference: {fileID: 0}
    - target: {fileID: 5551513229986154400, guid: 916be2ac89687b0458f9c3b7759c3248,
        type: 3}
      propertyPath: m_StaticEditorFlags
      value: 4294967295
      objectReference: {fileID: 0}
    m_RemovedComponents: []
  m_SourcePrefab: {fileID: 100100000, guid: 916be2ac89687b0458f9c3b7759c3248, type: 3}
--- !u!4 &234027089 stripped
Transform:
  m_CorrespondingSourceObject: {fileID: 490068, guid: 916be2ac89687b0458f9c3b7759c3248,
    type: 3}
  m_PrefabInstance: {fileID: 234193413}
  m_PrefabAsset: {fileID: 0}
--- !u!1001 &328827089
PrefabInstance:
  m_ObjectHideFlags: 0
  serializedVersion: 2
  m_Modification:
    m_TransformParent: {fileID: 441798}
    m_Modifications:
    - target: {fileID: 155622, guid: f43449709203fee4f94622bc446866d8, type: 3}
      propertyPath: m_Name
      value: SM_Prop_LightPole_Arm_01
      objectReference: {fileID: 0}
    - target: {fileID: 446466, guid: f43449709203fee4f94622bc446866d8, type: 3}
      propertyPath: m_LocalPosition.x
      value: 0
      objectReference: {fileID: 0}
    - target: {fileID: 446466, guid: f43449709203fee4f94622bc446866d8, type: 3}
      propertyPath: m_LocalPosition.y
      value: 0
      objectReference: {fileID: 0}
    - target: {fileID: 446466, guid: f43449709203fee4f94622bc446866d8, type: 3}
      propertyPath: m_LocalPosition.z
      value: 0
      objectReference: {fileID: 0}
    - target: {fileID: 446466, guid: f43449709203fee4f94622bc446866d8, type: 3}
      propertyPath: m_LocalRotation.x
      value: 0
      objectReference: {fileID: 0}
    - target: {fileID: 446466, guid: f43449709203fee4f94622bc446866d8, type: 3}
      propertyPath: m_LocalRotation.y
      value: 0
      objectReference: {fileID: 0}
    - target: {fileID: 446466, guid: f43449709203fee4f94622bc446866d8, type: 3}
      propertyPath: m_LocalRotation.z
      value: 0
      objectReference: {fileID: 0}
    - target: {fileID: 446466, guid: f43449709203fee4f94622bc446866d8, type: 3}
      propertyPath: m_LocalRotation.w
      value: 1
      objectReference: {fileID: 0}
    - target: {fileID: 446466, guid: f43449709203fee4f94622bc446866d8, type: 3}
      propertyPath: m_RootOrder
      value: 5
      objectReference: {fileID: 0}
    - target: {fileID: 446466, guid: f43449709203fee4f94622bc446866d8, type: 3}
      propertyPath: m_LocalEulerAnglesHint.x
      value: 0
      objectReference: {fileID: 0}
    - target: {fileID: 446466, guid: f43449709203fee4f94622bc446866d8, type: 3}
      propertyPath: m_LocalEulerAnglesHint.y
      value: 0
      objectReference: {fileID: 0}
    - target: {fileID: 446466, guid: f43449709203fee4f94622bc446866d8, type: 3}
      propertyPath: m_LocalEulerAnglesHint.z
      value: 0
      objectReference: {fileID: 0}
    m_RemovedComponents: []
  m_SourcePrefab: {fileID: 100100000, guid: f43449709203fee4f94622bc446866d8, type: 3}
--- !u!4 &329208019 stripped
Transform:
  m_CorrespondingSourceObject: {fileID: 446466, guid: f43449709203fee4f94622bc446866d8,
    type: 3}
  m_PrefabInstance: {fileID: 328827089}
  m_PrefabAsset: {fileID: 0}
--- !u!1001 &765693389
PrefabInstance:
  m_ObjectHideFlags: 0
  serializedVersion: 2
  m_Modification:
    m_TransformParent: {fileID: 441798}
    m_Modifications:
    - target: {fileID: 119666, guid: 916be2ac89687b0458f9c3b7759c3248, type: 3}
      propertyPath: m_Name
      value: SM_Prop_LightPole_CrossButton_01
      objectReference: {fileID: 0}
    - target: {fileID: 119666, guid: 916be2ac89687b0458f9c3b7759c3248, type: 3}
      propertyPath: m_IsActive
      value: 0
      objectReference: {fileID: 0}
    - target: {fileID: 490068, guid: 916be2ac89687b0458f9c3b7759c3248, type: 3}
      propertyPath: m_LocalPosition.x
      value: 0
      objectReference: {fileID: 0}
    - target: {fileID: 490068, guid: 916be2ac89687b0458f9c3b7759c3248, type: 3}
      propertyPath: m_LocalPosition.y
      value: 0
      objectReference: {fileID: 0}
    - target: {fileID: 490068, guid: 916be2ac89687b0458f9c3b7759c3248, type: 3}
      propertyPath: m_LocalPosition.z
      value: 0
      objectReference: {fileID: 0}
    - target: {fileID: 490068, guid: 916be2ac89687b0458f9c3b7759c3248, type: 3}
      propertyPath: m_LocalRotation.x
      value: 0
      objectReference: {fileID: 0}
    - target: {fileID: 490068, guid: 916be2ac89687b0458f9c3b7759c3248, type: 3}
      propertyPath: m_LocalRotation.y
      value: 1
      objectReference: {fileID: 0}
    - target: {fileID: 490068, guid: 916be2ac89687b0458f9c3b7759c3248, type: 3}
      propertyPath: m_LocalRotation.z
      value: 0
      objectReference: {fileID: 0}
    - target: {fileID: 490068, guid: 916be2ac89687b0458f9c3b7759c3248, type: 3}
      propertyPath: m_LocalRotation.w
      value: -0.00000016292068
      objectReference: {fileID: 0}
    - target: {fileID: 490068, guid: 916be2ac89687b0458f9c3b7759c3248, type: 3}
      propertyPath: m_RootOrder
      value: 10
      objectReference: {fileID: 0}
    - target: {fileID: 490068, guid: 916be2ac89687b0458f9c3b7759c3248, type: 3}
      propertyPath: m_LocalEulerAnglesHint.x
      value: 0
      objectReference: {fileID: 0}
    - target: {fileID: 490068, guid: 916be2ac89687b0458f9c3b7759c3248, type: 3}
      propertyPath: m_LocalEulerAnglesHint.y
      value: 0
      objectReference: {fileID: 0}
    - target: {fileID: 490068, guid: 916be2ac89687b0458f9c3b7759c3248, type: 3}
      propertyPath: m_LocalEulerAnglesHint.z
      value: 0
      objectReference: {fileID: 0}
    - target: {fileID: 5551513229986154400, guid: 916be2ac89687b0458f9c3b7759c3248,
        type: 3}
      propertyPath: m_StaticEditorFlags
      value: 4294967295
      objectReference: {fileID: 0}
    - target: {fileID: 6132688357690776802, guid: 916be2ac89687b0458f9c3b7759c3248,
        type: 3}
      propertyPath: m_Enabled
      value: 0
      objectReference: {fileID: 0}
    m_RemovedComponents: []
  m_SourcePrefab: {fileID: 100100000, guid: 916be2ac89687b0458f9c3b7759c3248, type: 3}
--- !u!4 &765786009 stripped
Transform:
  m_CorrespondingSourceObject: {fileID: 490068, guid: 916be2ac89687b0458f9c3b7759c3248,
    type: 3}
  m_PrefabInstance: {fileID: 765693389}
  m_PrefabAsset: {fileID: 0}
--- !u!1001 &851326774
PrefabInstance:
  m_ObjectHideFlags: 0
  serializedVersion: 2
  m_Modification:
    m_TransformParent: {fileID: 441798}
    m_Modifications:
    - target: {fileID: 194032, guid: 6702d719a0fd01142ab7529f2a36d350, type: 3}
      propertyPath: m_Name
      value: SM_Prop_LightPole_Lights_02
      objectReference: {fileID: 0}
    - target: {fileID: 415898, guid: 6702d719a0fd01142ab7529f2a36d350, type: 3}
      propertyPath: m_LocalPosition.x
      value: 0
      objectReference: {fileID: 0}
    - target: {fileID: 415898, guid: 6702d719a0fd01142ab7529f2a36d350, type: 3}
      propertyPath: m_LocalPosition.y
      value: 0
      objectReference: {fileID: 0}
    - target: {fileID: 415898, guid: 6702d719a0fd01142ab7529f2a36d350, type: 3}
      propertyPath: m_LocalPosition.z
      value: 0
      objectReference: {fileID: 0}
    - target: {fileID: 415898, guid: 6702d719a0fd01142ab7529f2a36d350, type: 3}
      propertyPath: m_LocalRotation.x
      value: 0
      objectReference: {fileID: 0}
    - target: {fileID: 415898, guid: 6702d719a0fd01142ab7529f2a36d350, type: 3}
      propertyPath: m_LocalRotation.y
      value: 0
      objectReference: {fileID: 0}
    - target: {fileID: 415898, guid: 6702d719a0fd01142ab7529f2a36d350, type: 3}
      propertyPath: m_LocalRotation.z
      value: 0
      objectReference: {fileID: 0}
    - target: {fileID: 415898, guid: 6702d719a0fd01142ab7529f2a36d350, type: 3}
      propertyPath: m_LocalRotation.w
      value: 1
      objectReference: {fileID: 0}
    - target: {fileID: 415898, guid: 6702d719a0fd01142ab7529f2a36d350, type: 3}
      propertyPath: m_RootOrder
      value: 0
      objectReference: {fileID: 0}
    - target: {fileID: 415898, guid: 6702d719a0fd01142ab7529f2a36d350, type: 3}
      propertyPath: m_LocalEulerAnglesHint.x
      value: 0
      objectReference: {fileID: 0}
    - target: {fileID: 415898, guid: 6702d719a0fd01142ab7529f2a36d350, type: 3}
      propertyPath: m_LocalEulerAnglesHint.y
      value: 0
      objectReference: {fileID: 0}
    - target: {fileID: 415898, guid: 6702d719a0fd01142ab7529f2a36d350, type: 3}
      propertyPath: m_LocalEulerAnglesHint.z
      value: 0
      objectReference: {fileID: 0}
    m_RemovedComponents: []
  m_SourcePrefab: {fileID: 100100000, guid: 6702d719a0fd01142ab7529f2a36d350, type: 3}
--- !u!4 &850948012 stripped
Transform:
  m_CorrespondingSourceObject: {fileID: 415898, guid: 6702d719a0fd01142ab7529f2a36d350,
    type: 3}
  m_PrefabInstance: {fileID: 851326774}
  m_PrefabAsset: {fileID: 0}
--- !u!1001 &888245729
PrefabInstance:
  m_ObjectHideFlags: 0
  serializedVersion: 2
  m_Modification:
    m_TransformParent: {fileID: 441798}
    m_Modifications:
    - target: {fileID: 160356, guid: de28d3c05ec6bbd4c8b527fa38906983, type: 3}
      propertyPath: m_Name
      value: SM_Prop_LightPole_CrossLights_01
      objectReference: {fileID: 0}
    - target: {fileID: 479914, guid: de28d3c05ec6bbd4c8b527fa38906983, type: 3}
      propertyPath: m_LocalPosition.x
      value: 0
      objectReference: {fileID: 0}
    - target: {fileID: 479914, guid: de28d3c05ec6bbd4c8b527fa38906983, type: 3}
      propertyPath: m_LocalPosition.y
      value: 0
      objectReference: {fileID: 0}
    - target: {fileID: 479914, guid: de28d3c05ec6bbd4c8b527fa38906983, type: 3}
      propertyPath: m_LocalPosition.z
      value: 0
      objectReference: {fileID: 0}
    - target: {fileID: 479914, guid: de28d3c05ec6bbd4c8b527fa38906983, type: 3}
      propertyPath: m_LocalRotation.x
      value: 0
      objectReference: {fileID: 0}
    - target: {fileID: 479914, guid: de28d3c05ec6bbd4c8b527fa38906983, type: 3}
      propertyPath: m_LocalRotation.y
      value: 0
      objectReference: {fileID: 0}
    - target: {fileID: 479914, guid: de28d3c05ec6bbd4c8b527fa38906983, type: 3}
      propertyPath: m_LocalRotation.z
      value: 0
      objectReference: {fileID: 0}
    - target: {fileID: 479914, guid: de28d3c05ec6bbd4c8b527fa38906983, type: 3}
      propertyPath: m_LocalRotation.w
      value: 1
      objectReference: {fileID: 0}
    - target: {fileID: 479914, guid: de28d3c05ec6bbd4c8b527fa38906983, type: 3}
      propertyPath: m_RootOrder
      value: 2
      objectReference: {fileID: 0}
    - target: {fileID: 479914, guid: de28d3c05ec6bbd4c8b527fa38906983, type: 3}
      propertyPath: m_LocalEulerAnglesHint.x
      value: 0
      objectReference: {fileID: 0}
    - target: {fileID: 479914, guid: de28d3c05ec6bbd4c8b527fa38906983, type: 3}
      propertyPath: m_LocalEulerAnglesHint.y
      value: 0
      objectReference: {fileID: 0}
    - target: {fileID: 479914, guid: de28d3c05ec6bbd4c8b527fa38906983, type: 3}
      propertyPath: m_LocalEulerAnglesHint.z
      value: 0
      objectReference: {fileID: 0}
    - target: {fileID: 1845222747499794362, guid: de28d3c05ec6bbd4c8b527fa38906983,
        type: 3}
      propertyPath: m_StaticEditorFlags
      value: 4294967295
      objectReference: {fileID: 0}
    - target: {fileID: 6145808773523688279, guid: de28d3c05ec6bbd4c8b527fa38906983,
        type: 3}
      propertyPath: m_StaticEditorFlags
      value: 4294967295
      objectReference: {fileID: 0}
    - target: {fileID: 8336496843269626155, guid: de28d3c05ec6bbd4c8b527fa38906983,
        type: 3}
      propertyPath: m_StaticEditorFlags
      value: 4294967295
      objectReference: {fileID: 0}
    m_RemovedComponents: []
  m_SourcePrefab: {fileID: 100100000, guid: de28d3c05ec6bbd4c8b527fa38906983, type: 3}
--- !u!4 &888594251 stripped
Transform:
  m_CorrespondingSourceObject: {fileID: 479914, guid: de28d3c05ec6bbd4c8b527fa38906983,
    type: 3}
  m_PrefabInstance: {fileID: 888245729}
  m_PrefabAsset: {fileID: 0}
--- !u!1001 &977280984
PrefabInstance:
  m_ObjectHideFlags: 0
  serializedVersion: 2
  m_Modification:
    m_TransformParent: {fileID: 441798}
    m_Modifications:
    - target: {fileID: 190794, guid: 13026bf5e083f114ba55f67e99392514, type: 3}
      propertyPath: m_Name
      value: SM_Prop_LightPole_Lights_01
      objectReference: {fileID: 0}
    - target: {fileID: 190794, guid: 13026bf5e083f114ba55f67e99392514, type: 3}
      propertyPath: m_IsActive
      value: 0
      objectReference: {fileID: 0}
    - target: {fileID: 448642, guid: 13026bf5e083f114ba55f67e99392514, type: 3}
      propertyPath: m_LocalPosition.x
      value: 0
      objectReference: {fileID: 0}
    - target: {fileID: 448642, guid: 13026bf5e083f114ba55f67e99392514, type: 3}
      propertyPath: m_LocalPosition.y
      value: 0
      objectReference: {fileID: 0}
    - target: {fileID: 448642, guid: 13026bf5e083f114ba55f67e99392514, type: 3}
      propertyPath: m_LocalPosition.z
      value: 0
      objectReference: {fileID: 0}
    - target: {fileID: 448642, guid: 13026bf5e083f114ba55f67e99392514, type: 3}
      propertyPath: m_LocalRotation.x
      value: 0
      objectReference: {fileID: 0}
    - target: {fileID: 448642, guid: 13026bf5e083f114ba55f67e99392514, type: 3}
      propertyPath: m_LocalRotation.y
      value: 0
      objectReference: {fileID: 0}
    - target: {fileID: 448642, guid: 13026bf5e083f114ba55f67e99392514, type: 3}
      propertyPath: m_LocalRotation.z
      value: 0
      objectReference: {fileID: 0}
    - target: {fileID: 448642, guid: 13026bf5e083f114ba55f67e99392514, type: 3}
      propertyPath: m_LocalRotation.w
      value: 1
      objectReference: {fileID: 0}
    - target: {fileID: 448642, guid: 13026bf5e083f114ba55f67e99392514, type: 3}
      propertyPath: m_RootOrder
      value: 8
      objectReference: {fileID: 0}
    - target: {fileID: 448642, guid: 13026bf5e083f114ba55f67e99392514, type: 3}
      propertyPath: m_LocalEulerAnglesHint.x
      value: 0
      objectReference: {fileID: 0}
    - target: {fileID: 448642, guid: 13026bf5e083f114ba55f67e99392514, type: 3}
      propertyPath: m_LocalEulerAnglesHint.y
      value: 0
      objectReference: {fileID: 0}
    - target: {fileID: 448642, guid: 13026bf5e083f114ba55f67e99392514, type: 3}
      propertyPath: m_LocalEulerAnglesHint.z
      value: 0
      objectReference: {fileID: 0}
    - target: {fileID: 6903092038725748658, guid: 13026bf5e083f114ba55f67e99392514,
        type: 3}
      propertyPath: m_Enabled
      value: 0
      objectReference: {fileID: 0}
    m_RemovedComponents: []
  m_SourcePrefab: {fileID: 100100000, guid: 13026bf5e083f114ba55f67e99392514, type: 3}
--- !u!4 &977717082 stripped
Transform:
  m_CorrespondingSourceObject: {fileID: 448642, guid: 13026bf5e083f114ba55f67e99392514,
    type: 3}
  m_PrefabInstance: {fileID: 977280984}
  m_PrefabAsset: {fileID: 0}
--- !u!1001 &1273494118
PrefabInstance:
  m_ObjectHideFlags: 0
  serializedVersion: 2
  m_Modification:
    m_TransformParent: {fileID: 441798}
    m_Modifications:
    - target: {fileID: 186922, guid: bf8c887ce2a3f8f41be86bb54fa20b60, type: 3}
      propertyPath: m_Name
      value: SM_Prop_LightPole_Box_01
      objectReference: {fileID: 0}
    - target: {fileID: 186922, guid: bf8c887ce2a3f8f41be86bb54fa20b60, type: 3}
      propertyPath: m_IsActive
      value: 0
      objectReference: {fileID: 0}
    - target: {fileID: 455170, guid: bf8c887ce2a3f8f41be86bb54fa20b60, type: 3}
      propertyPath: m_LocalPosition.x
      value: 0
      objectReference: {fileID: 0}
    - target: {fileID: 455170, guid: bf8c887ce2a3f8f41be86bb54fa20b60, type: 3}
      propertyPath: m_LocalPosition.y
      value: 0
      objectReference: {fileID: 0}
    - target: {fileID: 455170, guid: bf8c887ce2a3f8f41be86bb54fa20b60, type: 3}
      propertyPath: m_LocalPosition.z
      value: 0
      objectReference: {fileID: 0}
    - target: {fileID: 455170, guid: bf8c887ce2a3f8f41be86bb54fa20b60, type: 3}
      propertyPath: m_LocalRotation.x
      value: 0
      objectReference: {fileID: 0}
    - target: {fileID: 455170, guid: bf8c887ce2a3f8f41be86bb54fa20b60, type: 3}
      propertyPath: m_LocalRotation.y
      value: 0
      objectReference: {fileID: 0}
    - target: {fileID: 455170, guid: bf8c887ce2a3f8f41be86bb54fa20b60, type: 3}
      propertyPath: m_LocalRotation.z
      value: 0
      objectReference: {fileID: 0}
    - target: {fileID: 455170, guid: bf8c887ce2a3f8f41be86bb54fa20b60, type: 3}
      propertyPath: m_LocalRotation.w
      value: 1
      objectReference: {fileID: 0}
    - target: {fileID: 455170, guid: bf8c887ce2a3f8f41be86bb54fa20b60, type: 3}
      propertyPath: m_RootOrder
      value: 11
      objectReference: {fileID: 0}
    - target: {fileID: 455170, guid: bf8c887ce2a3f8f41be86bb54fa20b60, type: 3}
      propertyPath: m_LocalEulerAnglesHint.x
      value: 0
      objectReference: {fileID: 0}
    - target: {fileID: 455170, guid: bf8c887ce2a3f8f41be86bb54fa20b60, type: 3}
      propertyPath: m_LocalEulerAnglesHint.y
      value: 0
      objectReference: {fileID: 0}
    - target: {fileID: 455170, guid: bf8c887ce2a3f8f41be86bb54fa20b60, type: 3}
      propertyPath: m_LocalEulerAnglesHint.z
      value: 0
      objectReference: {fileID: 0}
    - target: {fileID: 2497132424675842555, guid: bf8c887ce2a3f8f41be86bb54fa20b60,
        type: 3}
      propertyPath: m_StaticEditorFlags
      value: 4294967295
      objectReference: {fileID: 0}
    - target: {fileID: 8604239014790893015, guid: bf8c887ce2a3f8f41be86bb54fa20b60,
        type: 3}
      propertyPath: m_Enabled
      value: 0
      objectReference: {fileID: 0}
    m_RemovedComponents: []
  m_SourcePrefab: {fileID: 100100000, guid: bf8c887ce2a3f8f41be86bb54fa20b60, type: 3}
--- !u!4 &1273038948 stripped
Transform:
  m_CorrespondingSourceObject: {fileID: 455170, guid: bf8c887ce2a3f8f41be86bb54fa20b60,
    type: 3}
  m_PrefabInstance: {fileID: 1273494118}
  m_PrefabAsset: {fileID: 0}
--- !u!1001 &1377782628
PrefabInstance:
  m_ObjectHideFlags: 0
  serializedVersion: 2
  m_Modification:
    m_TransformParent: {fileID: 441798}
    m_Modifications:
    - target: {fileID: 155622, guid: f43449709203fee4f94622bc446866d8, type: 3}
      propertyPath: m_Name
      value: SM_Prop_LightPole_Arm_01
      objectReference: {fileID: 0}
    - target: {fileID: 155622, guid: f43449709203fee4f94622bc446866d8, type: 3}
      propertyPath: m_IsActive
      value: 0
      objectReference: {fileID: 0}
    - target: {fileID: 446466, guid: f43449709203fee4f94622bc446866d8, type: 3}
      propertyPath: m_LocalPosition.x
      value: 0
      objectReference: {fileID: 0}
    - target: {fileID: 446466, guid: f43449709203fee4f94622bc446866d8, type: 3}
      propertyPath: m_LocalPosition.y
      value: 0
      objectReference: {fileID: 0}
    - target: {fileID: 446466, guid: f43449709203fee4f94622bc446866d8, type: 3}
      propertyPath: m_LocalPosition.z
      value: 0
      objectReference: {fileID: 0}
    - target: {fileID: 446466, guid: f43449709203fee4f94622bc446866d8, type: 3}
      propertyPath: m_LocalRotation.x
      value: 0
      objectReference: {fileID: 0}
    - target: {fileID: 446466, guid: f43449709203fee4f94622bc446866d8, type: 3}
      propertyPath: m_LocalRotation.y
      value: 0
      objectReference: {fileID: 0}
    - target: {fileID: 446466, guid: f43449709203fee4f94622bc446866d8, type: 3}
      propertyPath: m_LocalRotation.z
      value: 0
      objectReference: {fileID: 0}
    - target: {fileID: 446466, guid: f43449709203fee4f94622bc446866d8, type: 3}
      propertyPath: m_LocalRotation.w
      value: 1
      objectReference: {fileID: 0}
    - target: {fileID: 446466, guid: f43449709203fee4f94622bc446866d8, type: 3}
      propertyPath: m_RootOrder
      value: 12
      objectReference: {fileID: 0}
    - target: {fileID: 446466, guid: f43449709203fee4f94622bc446866d8, type: 3}
      propertyPath: m_LocalEulerAnglesHint.x
      value: 0
      objectReference: {fileID: 0}
    - target: {fileID: 446466, guid: f43449709203fee4f94622bc446866d8, type: 3}
      propertyPath: m_LocalEulerAnglesHint.y
      value: 0
      objectReference: {fileID: 0}
    - target: {fileID: 446466, guid: f43449709203fee4f94622bc446866d8, type: 3}
      propertyPath: m_LocalEulerAnglesHint.z
      value: 0
      objectReference: {fileID: 0}
    - target: {fileID: 6676841813833002596, guid: f43449709203fee4f94622bc446866d8,
        type: 3}
      propertyPath: m_Enabled
      value: 0
      objectReference: {fileID: 0}
    m_RemovedComponents: []
  m_SourcePrefab: {fileID: 100100000, guid: f43449709203fee4f94622bc446866d8, type: 3}
--- !u!4 &1377409894 stripped
Transform:
  m_CorrespondingSourceObject: {fileID: 446466, guid: f43449709203fee4f94622bc446866d8,
    type: 3}
  m_PrefabInstance: {fileID: 1377782628}
  m_PrefabAsset: {fileID: 0}
--- !u!1001 &1495267012
PrefabInstance:
  m_ObjectHideFlags: 0
  serializedVersion: 2
  m_Modification:
    m_TransformParent: {fileID: 441798}
    m_Modifications:
    - target: {fileID: 186922, guid: bf8c887ce2a3f8f41be86bb54fa20b60, type: 3}
      propertyPath: m_Name
      value: SM_Prop_LightPole_Box_01
      objectReference: {fileID: 0}
    - target: {fileID: 455170, guid: bf8c887ce2a3f8f41be86bb54fa20b60, type: 3}
      propertyPath: m_LocalPosition.x
      value: 0
      objectReference: {fileID: 0}
    - target: {fileID: 455170, guid: bf8c887ce2a3f8f41be86bb54fa20b60, type: 3}
      propertyPath: m_LocalPosition.y
      value: 0
      objectReference: {fileID: 0}
    - target: {fileID: 455170, guid: bf8c887ce2a3f8f41be86bb54fa20b60, type: 3}
      propertyPath: m_LocalPosition.z
      value: 0
      objectReference: {fileID: 0}
    - target: {fileID: 455170, guid: bf8c887ce2a3f8f41be86bb54fa20b60, type: 3}
      propertyPath: m_LocalRotation.x
      value: 0
      objectReference: {fileID: 0}
    - target: {fileID: 455170, guid: bf8c887ce2a3f8f41be86bb54fa20b60, type: 3}
      propertyPath: m_LocalRotation.y
      value: 0
      objectReference: {fileID: 0}
    - target: {fileID: 455170, guid: bf8c887ce2a3f8f41be86bb54fa20b60, type: 3}
      propertyPath: m_LocalRotation.z
      value: 0
      objectReference: {fileID: 0}
    - target: {fileID: 455170, guid: bf8c887ce2a3f8f41be86bb54fa20b60, type: 3}
      propertyPath: m_LocalRotation.w
      value: 1
      objectReference: {fileID: 0}
    - target: {fileID: 455170, guid: bf8c887ce2a3f8f41be86bb54fa20b60, type: 3}
      propertyPath: m_RootOrder
      value: 4
      objectReference: {fileID: 0}
    - target: {fileID: 455170, guid: bf8c887ce2a3f8f41be86bb54fa20b60, type: 3}
      propertyPath: m_LocalEulerAnglesHint.x
      value: 0
      objectReference: {fileID: 0}
    - target: {fileID: 455170, guid: bf8c887ce2a3f8f41be86bb54fa20b60, type: 3}
      propertyPath: m_LocalEulerAnglesHint.y
      value: 0
      objectReference: {fileID: 0}
    - target: {fileID: 455170, guid: bf8c887ce2a3f8f41be86bb54fa20b60, type: 3}
      propertyPath: m_LocalEulerAnglesHint.z
      value: 0
      objectReference: {fileID: 0}
    - target: {fileID: 2497132424675842555, guid: bf8c887ce2a3f8f41be86bb54fa20b60,
        type: 3}
      propertyPath: m_StaticEditorFlags
      value: 4294967295
      objectReference: {fileID: 0}
    m_RemovedComponents: []
  m_SourcePrefab: {fileID: 100100000, guid: bf8c887ce2a3f8f41be86bb54fa20b60, type: 3}
--- !u!4 &1494811846 stripped
Transform:
  m_CorrespondingSourceObject: {fileID: 455170, guid: bf8c887ce2a3f8f41be86bb54fa20b60,
    type: 3}
  m_PrefabInstance: {fileID: 1495267012}
  m_PrefabAsset: {fileID: 0}
--- !u!1001 &1546438105
PrefabInstance:
  m_ObjectHideFlags: 0
  serializedVersion: 2
  m_Modification:
    m_TransformParent: {fileID: 441798}
    m_Modifications:
    - target: {fileID: 160356, guid: de28d3c05ec6bbd4c8b527fa38906983, type: 3}
      propertyPath: m_Name
      value: SM_Prop_LightPole_CrossLights_01
      objectReference: {fileID: 0}
    - target: {fileID: 160356, guid: de28d3c05ec6bbd4c8b527fa38906983, type: 3}
      propertyPath: m_IsActive
      value: 0
      objectReference: {fileID: 0}
    - target: {fileID: 479914, guid: de28d3c05ec6bbd4c8b527fa38906983, type: 3}
      propertyPath: m_LocalPosition.x
      value: 0
      objectReference: {fileID: 0}
    - target: {fileID: 479914, guid: de28d3c05ec6bbd4c8b527fa38906983, type: 3}
      propertyPath: m_LocalPosition.y
      value: 0
      objectReference: {fileID: 0}
    - target: {fileID: 479914, guid: de28d3c05ec6bbd4c8b527fa38906983, type: 3}
      propertyPath: m_LocalPosition.z
      value: 0
      objectReference: {fileID: 0}
    - target: {fileID: 479914, guid: de28d3c05ec6bbd4c8b527fa38906983, type: 3}
      propertyPath: m_LocalRotation.x
      value: 0
      objectReference: {fileID: 0}
    - target: {fileID: 479914, guid: de28d3c05ec6bbd4c8b527fa38906983, type: 3}
      propertyPath: m_LocalRotation.y
      value: 0
      objectReference: {fileID: 0}
    - target: {fileID: 479914, guid: de28d3c05ec6bbd4c8b527fa38906983, type: 3}
      propertyPath: m_LocalRotation.z
      value: 0
      objectReference: {fileID: 0}
    - target: {fileID: 479914, guid: de28d3c05ec6bbd4c8b527fa38906983, type: 3}
      propertyPath: m_LocalRotation.w
      value: 1
      objectReference: {fileID: 0}
    - target: {fileID: 479914, guid: de28d3c05ec6bbd4c8b527fa38906983, type: 3}
      propertyPath: m_RootOrder
      value: 9
      objectReference: {fileID: 0}
    - target: {fileID: 479914, guid: de28d3c05ec6bbd4c8b527fa38906983, type: 3}
      propertyPath: m_LocalEulerAnglesHint.x
      value: 0
      objectReference: {fileID: 0}
    - target: {fileID: 479914, guid: de28d3c05ec6bbd4c8b527fa38906983, type: 3}
      propertyPath: m_LocalEulerAnglesHint.y
      value: 0
      objectReference: {fileID: 0}
    - target: {fileID: 479914, guid: de28d3c05ec6bbd4c8b527fa38906983, type: 3}
      propertyPath: m_LocalEulerAnglesHint.z
      value: 0
      objectReference: {fileID: 0}
    - target: {fileID: 1845222747499794362, guid: de28d3c05ec6bbd4c8b527fa38906983,
        type: 3}
      propertyPath: m_StaticEditorFlags
      value: 4294967295
      objectReference: {fileID: 0}
    - target: {fileID: 6145808773523688279, guid: de28d3c05ec6bbd4c8b527fa38906983,
        type: 3}
      propertyPath: m_StaticEditorFlags
      value: 4294967295
      objectReference: {fileID: 0}
    - target: {fileID: 8336496843269626155, guid: de28d3c05ec6bbd4c8b527fa38906983,
        type: 3}
      propertyPath: m_StaticEditorFlags
      value: 4294967295
      objectReference: {fileID: 0}
    - target: {fileID: 7217759976790739849, guid: de28d3c05ec6bbd4c8b527fa38906983,
        type: 3}
      propertyPath: m_Enabled
      value: 0
      objectReference: {fileID: 0}
    m_RemovedComponents: []
  m_SourcePrefab: {fileID: 100100000, guid: de28d3c05ec6bbd4c8b527fa38906983, type: 3}
--- !u!4 &1546360691 stripped
Transform:
  m_CorrespondingSourceObject: {fileID: 479914, guid: de28d3c05ec6bbd4c8b527fa38906983,
    type: 3}
  m_PrefabInstance: {fileID: 1546438105}
  m_PrefabAsset: {fileID: 0}
--- !u!1001 &1585265854
PrefabInstance:
  m_ObjectHideFlags: 0
  serializedVersion: 2
  m_Modification:
    m_TransformParent: {fileID: 441798}
    m_Modifications:
    - target: {fileID: 190794, guid: 13026bf5e083f114ba55f67e99392514, type: 3}
      propertyPath: m_Name
      value: SM_Prop_LightPole_Lights_01
      objectReference: {fileID: 0}
    - target: {fileID: 448642, guid: 13026bf5e083f114ba55f67e99392514, type: 3}
      propertyPath: m_LocalPosition.x
      value: 0
      objectReference: {fileID: 0}
    - target: {fileID: 448642, guid: 13026bf5e083f114ba55f67e99392514, type: 3}
      propertyPath: m_LocalPosition.y
      value: 0
      objectReference: {fileID: 0}
    - target: {fileID: 448642, guid: 13026bf5e083f114ba55f67e99392514, type: 3}
      propertyPath: m_LocalPosition.z
      value: 0
      objectReference: {fileID: 0}
    - target: {fileID: 448642, guid: 13026bf5e083f114ba55f67e99392514, type: 3}
      propertyPath: m_LocalRotation.x
      value: 0
      objectReference: {fileID: 0}
    - target: {fileID: 448642, guid: 13026bf5e083f114ba55f67e99392514, type: 3}
      propertyPath: m_LocalRotation.y
      value: 0
      objectReference: {fileID: 0}
    - target: {fileID: 448642, guid: 13026bf5e083f114ba55f67e99392514, type: 3}
      propertyPath: m_LocalRotation.z
      value: 0
      objectReference: {fileID: 0}
    - target: {fileID: 448642, guid: 13026bf5e083f114ba55f67e99392514, type: 3}
      propertyPath: m_LocalRotation.w
      value: 1
      objectReference: {fileID: 0}
    - target: {fileID: 448642, guid: 13026bf5e083f114ba55f67e99392514, type: 3}
      propertyPath: m_RootOrder
      value: 1
      objectReference: {fileID: 0}
    - target: {fileID: 448642, guid: 13026bf5e083f114ba55f67e99392514, type: 3}
      propertyPath: m_LocalEulerAnglesHint.x
      value: 0
      objectReference: {fileID: 0}
    - target: {fileID: 448642, guid: 13026bf5e083f114ba55f67e99392514, type: 3}
      propertyPath: m_LocalEulerAnglesHint.y
      value: 0
      objectReference: {fileID: 0}
    - target: {fileID: 448642, guid: 13026bf5e083f114ba55f67e99392514, type: 3}
      propertyPath: m_LocalEulerAnglesHint.z
      value: 0
      objectReference: {fileID: 0}
    m_RemovedComponents: []
  m_SourcePrefab: {fileID: 100100000, guid: 13026bf5e083f114ba55f67e99392514, type: 3}
--- !u!4 &1585177660 stripped
Transform:
  m_CorrespondingSourceObject: {fileID: 448642, guid: 13026bf5e083f114ba55f67e99392514,
    type: 3}
  m_PrefabInstance: {fileID: 1585265854}
  m_PrefabAsset: {fileID: 0}
--- !u!1001 &2147276451
PrefabInstance:
  m_ObjectHideFlags: 0
  serializedVersion: 2
  m_Modification:
    m_TransformParent: {fileID: 441798}
    m_Modifications:
    - target: {fileID: 194032, guid: 6702d719a0fd01142ab7529f2a36d350, type: 3}
      propertyPath: m_Name
      value: SM_Prop_LightPole_Lights_02
      objectReference: {fileID: 0}
    - target: {fileID: 194032, guid: 6702d719a0fd01142ab7529f2a36d350, type: 3}
      propertyPath: m_IsActive
      value: 0
      objectReference: {fileID: 0}
    - target: {fileID: 415898, guid: 6702d719a0fd01142ab7529f2a36d350, type: 3}
      propertyPath: m_LocalPosition.x
      value: 0
      objectReference: {fileID: 0}
    - target: {fileID: 415898, guid: 6702d719a0fd01142ab7529f2a36d350, type: 3}
      propertyPath: m_LocalPosition.y
      value: 0
      objectReference: {fileID: 0}
    - target: {fileID: 415898, guid: 6702d719a0fd01142ab7529f2a36d350, type: 3}
      propertyPath: m_LocalPosition.z
      value: 0
      objectReference: {fileID: 0}
    - target: {fileID: 415898, guid: 6702d719a0fd01142ab7529f2a36d350, type: 3}
      propertyPath: m_LocalRotation.x
      value: 0
      objectReference: {fileID: 0}
    - target: {fileID: 415898, guid: 6702d719a0fd01142ab7529f2a36d350, type: 3}
      propertyPath: m_LocalRotation.y
      value: 0
      objectReference: {fileID: 0}
    - target: {fileID: 415898, guid: 6702d719a0fd01142ab7529f2a36d350, type: 3}
      propertyPath: m_LocalRotation.z
      value: 0
      objectReference: {fileID: 0}
    - target: {fileID: 415898, guid: 6702d719a0fd01142ab7529f2a36d350, type: 3}
      propertyPath: m_LocalRotation.w
      value: 1
      objectReference: {fileID: 0}
    - target: {fileID: 415898, guid: 6702d719a0fd01142ab7529f2a36d350, type: 3}
      propertyPath: m_RootOrder
      value: 7
      objectReference: {fileID: 0}
    - target: {fileID: 415898, guid: 6702d719a0fd01142ab7529f2a36d350, type: 3}
      propertyPath: m_LocalEulerAnglesHint.x
      value: 0
      objectReference: {fileID: 0}
    - target: {fileID: 415898, guid: 6702d719a0fd01142ab7529f2a36d350, type: 3}
      propertyPath: m_LocalEulerAnglesHint.y
      value: 0
      objectReference: {fileID: 0}
    - target: {fileID: 415898, guid: 6702d719a0fd01142ab7529f2a36d350, type: 3}
      propertyPath: m_LocalEulerAnglesHint.z
      value: 0
      objectReference: {fileID: 0}
    - target: {fileID: 6617386414350080714, guid: 6702d719a0fd01142ab7529f2a36d350,
        type: 3}
      propertyPath: m_Enabled
      value: 0
      objectReference: {fileID: 0}
    m_RemovedComponents: []
  m_SourcePrefab: {fileID: 100100000, guid: 6702d719a0fd01142ab7529f2a36d350, type: 3}
--- !u!4 &2147126841 stripped
Transform:
  m_CorrespondingSourceObject: {fileID: 415898, guid: 6702d719a0fd01142ab7529f2a36d350,
    type: 3}
  m_PrefabInstance: {fileID: 2147276451}
  m_PrefabAsset: {fileID: 0}
