%YAML 1.1
%TAG !u! tag:unity3d.com,2011:
--- !u!1 &185420
GameObject:
  m_ObjectHideFlags: 0
  m_CorrespondingSourceObject: {fileID: 0}
  m_PrefabInstance: {fileID: 0}
  m_PrefabAsset: {fileID: 0}
  serializedVersion: 6
  m_Component:
  - component: {fileID: 492454}
  - component: {fileID: 1270457040}
  m_Layer: 10
  m_Name: SM_Bld_OfficeRound_Base_01
  m_TagString: Environment
  m_Icon: {fileID: 0}
  m_NavMeshLayer: 0
  m_StaticEditorFlags: 4294967295
  m_IsActive: 1
--- !u!4 &492454
Transform:
  m_ObjectHideFlags: 0
  m_CorrespondingSourceObject: {fileID: 0}
  m_PrefabInstance: {fileID: 0}
  m_PrefabAsset: {fileID: 0}
  m_GameObject: {fileID: 185420}
  m_LocalRotation: {x: 0, y: 0, z: 0, w: 1}
  m_LocalPosition: {x: 0, y: 0, z: 0}
  m_LocalScale: {x: 1, y: 1, z: 1}
  m_Children:
  - {fileID: 4035026250729896830}
  - {fileID: 564972459}
  - {fileID: 1177875319}
  - {fileID: 1221920479}
  - {fileID: 139853315}
  - {fileID: 1108095973}
  - {fileID: 580833387}
  - {fileID: 681891983}
  - {fileID: 380182257}
  m_Father: {fileID: 0}
  m_RootOrder: 0
  m_LocalEulerAnglesHint: {x: 0, y: 0, z: 0}
--- !u!205 &1270457040
LODGroup:
  m_ObjectHideFlags: 0
  m_CorrespondingSourceObject: {fileID: 0}
  m_PrefabInstance: {fileID: 0}
  m_PrefabAsset: {fileID: 0}
  m_GameObject: {fileID: 185420}
  serializedVersion: 2
  m_LocalReferencePoint: {x: 0, y: 3.0943747, z: 0.0000019073486}
  m_Size: 23.05133
  m_FadeMode: 1
  m_AnimateCrossFading: 1
  m_LastLODIsBillboard: 0
  m_LODs:
  - screenRelativeHeight: 0.2985904
    fadeTransitionWidth: 0
    renderers:
    - renderer: {fileID: 380182258}
    - renderer: {fileID: 1341980689}
  - screenRelativeHeight: 0.101448484
    fadeTransitionWidth: 0
    renderers:
    - renderer: {fileID: 4739620315516631808}
  m_Enabled: 1
--- !u!1 &380182256
GameObject:
  m_ObjectHideFlags: 0
  m_CorrespondingSourceObject: {fileID: 0}
  m_PrefabInstance: {fileID: 0}
  m_PrefabAsset: {fileID: 0}
  serializedVersion: 6
  m_Component:
  - component: {fileID: 380182257}
  - component: {fileID: 380182259}
  - component: {fileID: 380182258}
  - component: {fileID: 5859784230731973185}
  - component: {fileID: 7015166144912300722}
  m_Layer: 10
  m_Name: SM_Bld_OfficeRound_Base_01(Clone)
  m_TagString: Untagged
  m_Icon: {fileID: 0}
  m_NavMeshLayer: 0
  m_StaticEditorFlags: 4294967295
  m_IsActive: 1
--- !u!4 &380182257
Transform:
  m_ObjectHideFlags: 0
  m_CorrespondingSourceObject: {fileID: 0}
  m_PrefabInstance: {fileID: 0}
  m_PrefabAsset: {fileID: 0}
  m_GameObject: {fileID: 380182256}
  m_LocalRotation: {x: -0, y: -0, z: -0, w: 1}
  m_LocalPosition: {x: 0, y: 0, z: 0}
  m_LocalScale: {x: 1, y: 1, z: 1}
  m_Children:
  - {fileID: 1341980688}
  m_Father: {fileID: 492454}
  m_RootOrder: 8
  m_LocalEulerAnglesHint: {x: 0, y: 0, z: 0}
--- !u!33 &380182259
MeshFilter:
  m_ObjectHideFlags: 0
  m_CorrespondingSourceObject: {fileID: 0}
  m_PrefabInstance: {fileID: 0}
  m_PrefabAsset: {fileID: 0}
  m_GameObject: {fileID: 380182256}
  m_Mesh: {fileID: 4300000, guid: cb3684e034b0818468149778f9f61d12, type: 3}
--- !u!23 &380182258
MeshRenderer:
  m_ObjectHideFlags: 0
  m_CorrespondingSourceObject: {fileID: 0}
  m_PrefabInstance: {fileID: 0}
  m_PrefabAsset: {fileID: 0}
  m_GameObject: {fileID: 380182256}
  m_Enabled: 1
  m_CastShadows: 1
  m_ReceiveShadows: 1
  m_DynamicOccludee: 1
  m_MotionVectors: 1
  m_LightProbeUsage: 1
  m_ReflectionProbeUsage: 1
  m_RenderingLayerMask: 1
  m_RendererPriority: 0
  m_Materials:
  - {fileID: 2100000, guid: 62e25ef75a2216f418d06453c9ad15cb, type: 2}
  m_StaticBatchInfo:
    firstSubMesh: 0
    subMeshCount: 0
  m_StaticBatchRoot: {fileID: 0}
  m_ProbeAnchor: {fileID: 0}
  m_LightProbeVolumeOverride: {fileID: 0}
  m_ScaleInLightmap: 1
  m_PreserveUVs: 0
  m_IgnoreNormalsForChartDetection: 0
  m_ImportantGI: 0
  m_StitchLightmapSeams: 0
  m_SelectedEditorRenderState: 3
  m_MinimumChartSize: 4
  m_AutoUVMaxDistance: 0.5
  m_AutoUVMaxAngle: 89
  m_LightmapParameters: {fileID: 0}
  m_SortingLayerID: 0
  m_SortingLayer: 0
  m_SortingOrder: 0
--- !u!64 &5859784230731973185
MeshCollider:
  m_ObjectHideFlags: 0
  m_CorrespondingSourceObject: {fileID: 0}
  m_PrefabInstance: {fileID: 0}
  m_PrefabAsset: {fileID: 0}
  m_GameObject: {fileID: 380182256}
  m_Material: {fileID: 0}
  m_IsTrigger: 0
  m_Enabled: 1
  serializedVersion: 3
  m_Convex: 1
  m_CookingOptions: 14
  m_Mesh: {fileID: 4300000, guid: cb3684e034b0818468149778f9f61d12, type: 3}
--- !u!64 &7015166144912300722
MeshCollider:
  m_ObjectHideFlags: 0
  m_CorrespondingSourceObject: {fileID: 0}
  m_PrefabInstance: {fileID: 0}
  m_PrefabAsset: {fileID: 0}
  m_GameObject: {fileID: 380182256}
  m_Material: {fileID: 0}
  m_IsTrigger: 0
  m_Enabled: 1
  serializedVersion: 3
  m_Convex: 1
  m_CookingOptions: 14
  m_Mesh: {fileID: 4300000, guid: cb3684e034b0818468149778f9f61d12, type: 3}
--- !u!1 &1341980687
GameObject:
  m_ObjectHideFlags: 0
  m_CorrespondingSourceObject: {fileID: 0}
  m_PrefabInstance: {fileID: 0}
  m_PrefabAsset: {fileID: 0}
  serializedVersion: 6
  m_Component:
  - component: {fileID: 1341980688}
  - component: {fileID: 1341980690}
  - component: {fileID: 1341980689}
  m_Layer: 10
  m_Name: SM_Bld_OfficeRound_Base_01_Glass
  m_TagString: Untagged
  m_Icon: {fileID: 0}
  m_NavMeshLayer: 0
  m_StaticEditorFlags: 4294967295
  m_IsActive: 1
--- !u!4 &1341980688
Transform:
  m_ObjectHideFlags: 0
  m_CorrespondingSourceObject: {fileID: 0}
  m_PrefabInstance: {fileID: 0}
  m_PrefabAsset: {fileID: 0}
  m_GameObject: {fileID: 1341980687}
  m_LocalRotation: {x: 0, y: 0, z: 0, w: 1}
  m_LocalPosition: {x: 0, y: 0, z: 0}
  m_LocalScale: {x: 1, y: 1, z: 1}
  m_Children: []
  m_Father: {fileID: 380182257}
  m_RootOrder: 0
  m_LocalEulerAnglesHint: {x: 0, y: 0, z: 0}
--- !u!33 &1341980690
MeshFilter:
  m_ObjectHideFlags: 0
  m_CorrespondingSourceObject: {fileID: 0}
  m_PrefabInstance: {fileID: 0}
  m_PrefabAsset: {fileID: 0}
  m_GameObject: {fileID: 1341980687}
  m_Mesh: {fileID: 4300002, guid: cb3684e034b0818468149778f9f61d12, type: 3}
--- !u!23 &1341980689
MeshRenderer:
  m_ObjectHideFlags: 0
  m_CorrespondingSourceObject: {fileID: 0}
  m_PrefabInstance: {fileID: 0}
  m_PrefabAsset: {fileID: 0}
  m_GameObject: {fileID: 1341980687}
  m_Enabled: 1
  m_CastShadows: 1
  m_ReceiveShadows: 1
  m_DynamicOccludee: 1
  m_MotionVectors: 1
  m_LightProbeUsage: 1
  m_ReflectionProbeUsage: 1
  m_RenderingLayerMask: 1
  m_RendererPriority: 0
  m_Materials:
  - {fileID: 2100000, guid: c29d9dff2056b1543bbb70ec32427a62, type: 2}
  m_StaticBatchInfo:
    firstSubMesh: 0
    subMeshCount: 0
  m_StaticBatchRoot: {fileID: 0}
  m_ProbeAnchor: {fileID: 0}
  m_LightProbeVolumeOverride: {fileID: 0}
  m_ScaleInLightmap: 1
  m_PreserveUVs: 0
  m_IgnoreNormalsForChartDetection: 0
  m_ImportantGI: 0
  m_StitchLightmapSeams: 0
  m_SelectedEditorRenderState: 3
  m_MinimumChartSize: 4
  m_AutoUVMaxDistance: 0.5
  m_AutoUVMaxAngle: 89
  m_LightmapParameters: {fileID: 0}
  m_SortingLayerID: 0
  m_SortingLayer: 0
  m_SortingOrder: 0
--- !u!1 &4797108969522609853
GameObject:
  m_ObjectHideFlags: 0
  m_CorrespondingSourceObject: {fileID: 0}
  m_PrefabInstance: {fileID: 0}
  m_PrefabAsset: {fileID: 0}
  serializedVersion: 6
  m_Component:
  - component: {fileID: 4035026250729896830}
  - component: {fileID: 5363341588343516388}
  - component: {fileID: 7759264966666341920}
  - component: {fileID: 4739620315516631808}
  m_Layer: 0
  m_Name: LOD2
  m_TagString: Untagged
  m_Icon: {fileID: 0}
  m_NavMeshLayer: 0
  m_StaticEditorFlags: 126
  m_IsActive: 1
--- !u!4 &4035026250729896830
Transform:
  m_ObjectHideFlags: 0
  m_CorrespondingSourceObject: {fileID: 0}
  m_PrefabInstance: {fileID: 0}
  m_PrefabAsset: {fileID: 0}
  m_GameObject: {fileID: 4797108969522609853}
  m_LocalRotation: {x: -0, y: -0, z: -0, w: 1}
  m_LocalPosition: {x: 0, y: 3.4900002, z: 0}
  m_LocalScale: {x: 22.047655, y: 2.6216137, z: 22.12922}
  m_Children: []
  m_Father: {fileID: 492454}
  m_RootOrder: 0
  m_LocalEulerAnglesHint: {x: 0, y: 0, z: 0}
--- !u!33 &5363341588343516388
MeshFilter:
  m_ObjectHideFlags: 0
  m_CorrespondingSourceObject: {fileID: 0}
  m_PrefabInstance: {fileID: 0}
  m_PrefabAsset: {fileID: 0}
  m_GameObject: {fileID: 4797108969522609853}
  m_Mesh: {fileID: 10206, guid: 0000000000000000e000000000000000, type: 0}
--- !u!136 &7759264966666341920
CapsuleCollider:
  m_ObjectHideFlags: 0
  m_CorrespondingSourceObject: {fileID: 0}
  m_PrefabInstance: {fileID: 0}
  m_PrefabAsset: {fileID: 0}
  m_GameObject: {fileID: 4797108969522609853}
  m_Material: {fileID: 0}
  m_IsTrigger: 0
  m_Enabled: 1
  m_Radius: 0.5
  m_Height: 2
  m_Direction: 1
  m_Center: {x: 0, y: 0, z: 0}
--- !u!23 &4739620315516631808
MeshRenderer:
  m_ObjectHideFlags: 0
  m_CorrespondingSourceObject: {fileID: 0}
  m_PrefabInstance: {fileID: 0}
  m_PrefabAsset: {fileID: 0}
  m_GameObject: {fileID: 4797108969522609853}
  m_Enabled: 1
  m_CastShadows: 1
  m_ReceiveShadows: 1
  m_DynamicOccludee: 1
  m_MotionVectors: 1
  m_LightProbeUsage: 1
  m_ReflectionProbeUsage: 1
  m_RenderingLayerMask: 1
  m_RendererPriority: 0
  m_Materials:
  - {fileID: 2100000, guid: fc772073fb0d5e3459132daeaa84e9a0, type: 2}
  m_StaticBatchInfo:
    firstSubMesh: 0
    subMeshCount: 0
  m_StaticBatchRoot: {fileID: 0}
  m_ProbeAnchor: {fileID: 0}
  m_LightProbeVolumeOverride: {fileID: 0}
  m_ScaleInLightmap: 1
  m_PreserveUVs: 1
  m_IgnoreNormalsForChartDetection: 0
  m_ImportantGI: 0
  m_StitchLightmapSeams: 0
  m_SelectedEditorRenderState: 3
  m_MinimumChartSize: 4
  m_AutoUVMaxDistance: 0.5
  m_AutoUVMaxAngle: 89
  m_LightmapParameters: {fileID: 0}
  m_SortingLayerID: 0
  m_SortingLayer: 0
  m_SortingOrder: 0
--- !u!1001 &139635435
PrefabInstance:
  m_ObjectHideFlags: 0
  serializedVersion: 2
  m_Modification:
    m_TransformParent: {fileID: 492454}
    m_Modifications:
    - target: {fileID: 155662, guid: 0c4d65d4a970ec94e9c8b857586f6e71, type: 3}
      propertyPath: m_Name
      value: SM_Bld_OfficeRound_04
      objectReference: {fileID: 0}
    - target: {fileID: 155662, guid: 0c4d65d4a970ec94e9c8b857586f6e71, type: 3}
      propertyPath: m_Layer
      value: 10
      objectReference: {fileID: 0}
    - target: {fileID: 155662, guid: 0c4d65d4a970ec94e9c8b857586f6e71, type: 3}
      propertyPath: m_StaticEditorFlags
      value: 4294967295
      objectReference: {fileID: 0}
    - target: {fileID: 155662, guid: 0c4d65d4a970ec94e9c8b857586f6e71, type: 3}
      propertyPath: m_IsActive
      value: 1
      objectReference: {fileID: 0}
    - target: {fileID: 480488, guid: 0c4d65d4a970ec94e9c8b857586f6e71, type: 3}
      propertyPath: m_LocalPosition.x
      value: 0
      objectReference: {fileID: 0}
    - target: {fileID: 480488, guid: 0c4d65d4a970ec94e9c8b857586f6e71, type: 3}
      propertyPath: m_LocalPosition.y
      value: 24
      objectReference: {fileID: 0}
    - target: {fileID: 480488, guid: 0c4d65d4a970ec94e9c8b857586f6e71, type: 3}
      propertyPath: m_LocalPosition.z
      value: 0
      objectReference: {fileID: 0}
    - target: {fileID: 480488, guid: 0c4d65d4a970ec94e9c8b857586f6e71, type: 3}
      propertyPath: m_LocalRotation.x
      value: 0
      objectReference: {fileID: 0}
    - target: {fileID: 480488, guid: 0c4d65d4a970ec94e9c8b857586f6e71, type: 3}
      propertyPath: m_LocalRotation.y
      value: 0
      objectReference: {fileID: 0}
    - target: {fileID: 480488, guid: 0c4d65d4a970ec94e9c8b857586f6e71, type: 3}
      propertyPath: m_LocalRotation.z
      value: 0
      objectReference: {fileID: 0}
    - target: {fileID: 480488, guid: 0c4d65d4a970ec94e9c8b857586f6e71, type: 3}
      propertyPath: m_LocalRotation.w
      value: 1
      objectReference: {fileID: 0}
    - target: {fileID: 480488, guid: 0c4d65d4a970ec94e9c8b857586f6e71, type: 3}
      propertyPath: m_RootOrder
      value: 4
      objectReference: {fileID: 0}
    - target: {fileID: 787647406, guid: 0c4d65d4a970ec94e9c8b857586f6e71, type: 3}
      propertyPath: m_Enabled
      value: 1
      objectReference: {fileID: 0}
    - target: {fileID: 2337178, guid: 0c4d65d4a970ec94e9c8b857586f6e71, type: 3}
      propertyPath: m_Materials.Array.data[0]
      value: 
      objectReference: {fileID: 2100000, guid: ee5d59fcc8497a641905c26644c20880, type: 2}
    - target: {fileID: 351238836, guid: 0c4d65d4a970ec94e9c8b857586f6e71, type: 3}
      propertyPath: m_Layer
      value: 10
      objectReference: {fileID: 0}
    - target: {fileID: 351238836, guid: 0c4d65d4a970ec94e9c8b857586f6e71, type: 3}
      propertyPath: m_StaticEditorFlags
      value: 4294967295
      objectReference: {fileID: 0}
    - target: {fileID: 9159192507316781626, guid: 0c4d65d4a970ec94e9c8b857586f6e71,
        type: 3}
      propertyPath: m_Materials.Array.data[0]
      value: 
      objectReference: {fileID: 2100000, guid: fc772073fb0d5e3459132daeaa84e9a0, type: 2}
    - target: {fileID: 3692406152916605002, guid: 0c4d65d4a970ec94e9c8b857586f6e71,
        type: 3}
      propertyPath: m_StaticEditorFlags
      value: 126
      objectReference: {fileID: 0}
    m_RemovedComponents: []
  m_SourcePrefab: {fileID: 100100000, guid: 0c4d65d4a970ec94e9c8b857586f6e71, type: 3}
--- !u!4 &139853315 stripped
Transform:
  m_CorrespondingSourceObject: {fileID: 480488, guid: 0c4d65d4a970ec94e9c8b857586f6e71,
    type: 3}
  m_PrefabInstance: {fileID: 139635435}
  m_PrefabAsset: {fileID: 0}
--- !u!1001 &564895555
PrefabInstance:
  m_ObjectHideFlags: 0
  serializedVersion: 2
  m_Modification:
    m_TransformParent: {fileID: 492454}
    m_Modifications:
    - target: {fileID: 155662, guid: 0c4d65d4a970ec94e9c8b857586f6e71, type: 3}
      propertyPath: m_Layer
      value: 10
      objectReference: {fileID: 0}
    - target: {fileID: 155662, guid: 0c4d65d4a970ec94e9c8b857586f6e71, type: 3}
      propertyPath: m_StaticEditorFlags
      value: 4294967295
      objectReference: {fileID: 0}
    - target: {fileID: 155662, guid: 0c4d65d4a970ec94e9c8b857586f6e71, type: 3}
      propertyPath: m_IsActive
      value: 1
      objectReference: {fileID: 0}
    - target: {fileID: 480488, guid: 0c4d65d4a970ec94e9c8b857586f6e71, type: 3}
      propertyPath: m_LocalPosition.x
      value: 0
      objectReference: {fileID: 0}
    - target: {fileID: 480488, guid: 0c4d65d4a970ec94e9c8b857586f6e71, type: 3}
      propertyPath: m_LocalPosition.y
      value: 6
      objectReference: {fileID: 0}
    - target: {fileID: 480488, guid: 0c4d65d4a970ec94e9c8b857586f6e71, type: 3}
      propertyPath: m_LocalPosition.z
      value: 0
      objectReference: {fileID: 0}
    - target: {fileID: 480488, guid: 0c4d65d4a970ec94e9c8b857586f6e71, type: 3}
      propertyPath: m_LocalRotation.x
      value: 0
      objectReference: {fileID: 0}
    - target: {fileID: 480488, guid: 0c4d65d4a970ec94e9c8b857586f6e71, type: 3}
      propertyPath: m_LocalRotation.y
      value: 0
      objectReference: {fileID: 0}
    - target: {fileID: 480488, guid: 0c4d65d4a970ec94e9c8b857586f6e71, type: 3}
      propertyPath: m_LocalRotation.z
      value: 0
      objectReference: {fileID: 0}
    - target: {fileID: 480488, guid: 0c4d65d4a970ec94e9c8b857586f6e71, type: 3}
      propertyPath: m_LocalRotation.w
      value: 1
      objectReference: {fileID: 0}
    - target: {fileID: 480488, guid: 0c4d65d4a970ec94e9c8b857586f6e71, type: 3}
      propertyPath: m_RootOrder
      value: 1
      objectReference: {fileID: 0}
    - target: {fileID: 787647406, guid: 0c4d65d4a970ec94e9c8b857586f6e71, type: 3}
      propertyPath: m_Enabled
      value: 1
      objectReference: {fileID: 0}
    - target: {fileID: 2337178, guid: 0c4d65d4a970ec94e9c8b857586f6e71, type: 3}
      propertyPath: m_Materials.Array.data[0]
      value: 
      objectReference: {fileID: 2100000, guid: ee5d59fcc8497a641905c26644c20880, type: 2}
    - target: {fileID: 351238836, guid: 0c4d65d4a970ec94e9c8b857586f6e71, type: 3}
      propertyPath: m_Layer
      value: 10
      objectReference: {fileID: 0}
    - target: {fileID: 351238836, guid: 0c4d65d4a970ec94e9c8b857586f6e71, type: 3}
      propertyPath: m_StaticEditorFlags
      value: 4294967295
      objectReference: {fileID: 0}
    - target: {fileID: 9159192507316781626, guid: 0c4d65d4a970ec94e9c8b857586f6e71,
        type: 3}
      propertyPath: m_Materials.Array.data[0]
      value: 
      objectReference: {fileID: 2100000, guid: fc772073fb0d5e3459132daeaa84e9a0, type: 2}
    - target: {fileID: 3692406152916605002, guid: 0c4d65d4a970ec94e9c8b857586f6e71,
        type: 3}
      propertyPath: m_StaticEditorFlags
      value: 126
      objectReference: {fileID: 0}
    m_RemovedComponents: []
  m_SourcePrefab: {fileID: 100100000, guid: 0c4d65d4a970ec94e9c8b857586f6e71, type: 3}
--- !u!4 &564972459 stripped
Transform:
  m_CorrespondingSourceObject: {fileID: 480488, guid: 0c4d65d4a970ec94e9c8b857586f6e71,
    type: 3}
  m_PrefabInstance: {fileID: 564895555}
  m_PrefabAsset: {fileID: 0}
--- !u!1001 &580486275
PrefabInstance:
  m_ObjectHideFlags: 0
  serializedVersion: 2
  m_Modification:
    m_TransformParent: {fileID: 492454}
    m_Modifications:
    - target: {fileID: 155662, guid: 0c4d65d4a970ec94e9c8b857586f6e71, type: 3}
      propertyPath: m_Name
      value: SM_Bld_OfficeRound_05
      objectReference: {fileID: 0}
    - target: {fileID: 155662, guid: 0c4d65d4a970ec94e9c8b857586f6e71, type: 3}
      propertyPath: m_Layer
      value: 10
      objectReference: {fileID: 0}
    - target: {fileID: 155662, guid: 0c4d65d4a970ec94e9c8b857586f6e71, type: 3}
      propertyPath: m_StaticEditorFlags
      value: 4294967295
      objectReference: {fileID: 0}
    - target: {fileID: 155662, guid: 0c4d65d4a970ec94e9c8b857586f6e71, type: 3}
      propertyPath: m_IsActive
      value: 1
      objectReference: {fileID: 0}
    - target: {fileID: 480488, guid: 0c4d65d4a970ec94e9c8b857586f6e71, type: 3}
      propertyPath: m_LocalPosition.x
      value: 0
      objectReference: {fileID: 0}
    - target: {fileID: 480488, guid: 0c4d65d4a970ec94e9c8b857586f6e71, type: 3}
      propertyPath: m_LocalPosition.y
      value: 34
      objectReference: {fileID: 0}
    - target: {fileID: 480488, guid: 0c4d65d4a970ec94e9c8b857586f6e71, type: 3}
      propertyPath: m_LocalPosition.z
      value: 0
      objectReference: {fileID: 0}
    - target: {fileID: 480488, guid: 0c4d65d4a970ec94e9c8b857586f6e71, type: 3}
      propertyPath: m_LocalRotation.x
      value: 0
      objectReference: {fileID: 0}
    - target: {fileID: 480488, guid: 0c4d65d4a970ec94e9c8b857586f6e71, type: 3}
      propertyPath: m_LocalRotation.y
      value: 0
      objectReference: {fileID: 0}
    - target: {fileID: 480488, guid: 0c4d65d4a970ec94e9c8b857586f6e71, type: 3}
      propertyPath: m_LocalRotation.z
      value: 0
      objectReference: {fileID: 0}
    - target: {fileID: 480488, guid: 0c4d65d4a970ec94e9c8b857586f6e71, type: 3}
      propertyPath: m_LocalRotation.w
      value: 1
      objectReference: {fileID: 0}
    - target: {fileID: 480488, guid: 0c4d65d4a970ec94e9c8b857586f6e71, type: 3}
      propertyPath: m_RootOrder
      value: 6
      objectReference: {fileID: 0}
    - target: {fileID: 480488, guid: 0c4d65d4a970ec94e9c8b857586f6e71, type: 3}
      propertyPath: m_LocalEulerAnglesHint.x
      value: 0
      objectReference: {fileID: 0}
    - target: {fileID: 480488, guid: 0c4d65d4a970ec94e9c8b857586f6e71, type: 3}
      propertyPath: m_LocalEulerAnglesHint.y
      value: 0
      objectReference: {fileID: 0}
    - target: {fileID: 480488, guid: 0c4d65d4a970ec94e9c8b857586f6e71, type: 3}
      propertyPath: m_LocalEulerAnglesHint.z
      value: 0
      objectReference: {fileID: 0}
    - target: {fileID: 351238836, guid: 0c4d65d4a970ec94e9c8b857586f6e71, type: 3}
      propertyPath: m_Layer
      value: 10
      objectReference: {fileID: 0}
    - target: {fileID: 351238836, guid: 0c4d65d4a970ec94e9c8b857586f6e71, type: 3}
      propertyPath: m_StaticEditorFlags
      value: 4294967295
      objectReference: {fileID: 0}
    - target: {fileID: 9159192507316781626, guid: 0c4d65d4a970ec94e9c8b857586f6e71,
        type: 3}
      propertyPath: m_Materials.Array.data[0]
      value: 
      objectReference: {fileID: 2100000, guid: fc772073fb0d5e3459132daeaa84e9a0, type: 2}
    - target: {fileID: 3692406152916605002, guid: 0c4d65d4a970ec94e9c8b857586f6e71,
        type: 3}
      propertyPath: m_StaticEditorFlags
      value: 126
      objectReference: {fileID: 0}
    m_RemovedComponents: []
  m_SourcePrefab: {fileID: 100100000, guid: 0c4d65d4a970ec94e9c8b857586f6e71, type: 3}
--- !u!4 &580833387 stripped
Transform:
  m_CorrespondingSourceObject: {fileID: 480488, guid: 0c4d65d4a970ec94e9c8b857586f6e71,
    type: 3}
  m_PrefabInstance: {fileID: 580486275}
  m_PrefabAsset: {fileID: 0}
--- !u!1001 &681814553
PrefabInstance:
  m_ObjectHideFlags: 0
  serializedVersion: 2
  m_Modification:
    m_TransformParent: {fileID: 492454}
    m_Modifications:
    - target: {fileID: 188786, guid: a2507b8e2681bcc44ad4183e48f4589c, type: 3}
      propertyPath: m_Name
      value: SM_Bld_OfficeRound_Roof_04
      objectReference: {fileID: 0}
    - target: {fileID: 188786, guid: a2507b8e2681bcc44ad4183e48f4589c, type: 3}
      propertyPath: m_Layer
      value: 10
      objectReference: {fileID: 0}
    - target: {fileID: 188786, guid: a2507b8e2681bcc44ad4183e48f4589c, type: 3}
      propertyPath: m_StaticEditorFlags
      value: 4294967295
      objectReference: {fileID: 0}
    - target: {fileID: 488086, guid: a2507b8e2681bcc44ad4183e48f4589c, type: 3}
      propertyPath: m_LocalPosition.x
      value: 0
      objectReference: {fileID: 0}
    - target: {fileID: 488086, guid: a2507b8e2681bcc44ad4183e48f4589c, type: 3}
      propertyPath: m_LocalPosition.y
      value: 43
      objectReference: {fileID: 0}
    - target: {fileID: 488086, guid: a2507b8e2681bcc44ad4183e48f4589c, type: 3}
      propertyPath: m_LocalPosition.z
      value: 0
      objectReference: {fileID: 0}
    - target: {fileID: 488086, guid: a2507b8e2681bcc44ad4183e48f4589c, type: 3}
      propertyPath: m_LocalRotation.x
      value: 0
      objectReference: {fileID: 0}
    - target: {fileID: 488086, guid: a2507b8e2681bcc44ad4183e48f4589c, type: 3}
      propertyPath: m_LocalRotation.y
      value: -0.70710665
      objectReference: {fileID: 0}
    - target: {fileID: 488086, guid: a2507b8e2681bcc44ad4183e48f4589c, type: 3}
      propertyPath: m_LocalRotation.z
      value: 0
      objectReference: {fileID: 0}
    - target: {fileID: 488086, guid: a2507b8e2681bcc44ad4183e48f4589c, type: 3}
      propertyPath: m_LocalRotation.w
      value: 0.70710695
      objectReference: {fileID: 0}
    - target: {fileID: 488086, guid: a2507b8e2681bcc44ad4183e48f4589c, type: 3}
      propertyPath: m_RootOrder
      value: 7
      objectReference: {fileID: 0}
    - target: {fileID: 488086, guid: a2507b8e2681bcc44ad4183e48f4589c, type: 3}
      propertyPath: m_LocalEulerAnglesHint.x
      value: 0
      objectReference: {fileID: 0}
    - target: {fileID: 488086, guid: a2507b8e2681bcc44ad4183e48f4589c, type: 3}
      propertyPath: m_LocalEulerAnglesHint.y
      value: 0
      objectReference: {fileID: 0}
    - target: {fileID: 488086, guid: a2507b8e2681bcc44ad4183e48f4589c, type: 3}
      propertyPath: m_LocalEulerAnglesHint.z
      value: 0
      objectReference: {fileID: 0}
    - target: {fileID: 1958281303, guid: a2507b8e2681bcc44ad4183e48f4589c, type: 3}
      propertyPath: m_Layer
      value: 10
      objectReference: {fileID: 0}
    - target: {fileID: 1958281303, guid: a2507b8e2681bcc44ad4183e48f4589c, type: 3}
      propertyPath: m_StaticEditorFlags
      value: 4294967295
      objectReference: {fileID: 0}
    - target: {fileID: 3060553668421550032, guid: a2507b8e2681bcc44ad4183e48f4589c,
        type: 3}
      propertyPath: m_Materials.Array.data[0]
      value: 
      objectReference: {fileID: 2100000, guid: fc772073fb0d5e3459132daeaa84e9a0, type: 2}
    - target: {fileID: 5218912481598247722, guid: a2507b8e2681bcc44ad4183e48f4589c,
        type: 3}
      propertyPath: m_StaticEditorFlags
      value: 126
      objectReference: {fileID: 0}
    m_RemovedComponents: []
  m_SourcePrefab: {fileID: 100100000, guid: a2507b8e2681bcc44ad4183e48f4589c, type: 3}
--- !u!4 &681891983 stripped
Transform:
  m_CorrespondingSourceObject: {fileID: 488086, guid: a2507b8e2681bcc44ad4183e48f4589c,
    type: 3}
  m_PrefabInstance: {fileID: 681814553}
  m_PrefabAsset: {fileID: 0}
--- !u!1001 &1108033907
PrefabInstance:
  m_ObjectHideFlags: 0
  serializedVersion: 2
  m_Modification:
    m_TransformParent: {fileID: 492454}
    m_Modifications:
    - target: {fileID: 188786, guid: a2507b8e2681bcc44ad4183e48f4589c, type: 3}
      propertyPath: m_Name
      value: SM_Bld_OfficeRound_Roof_02
      objectReference: {fileID: 0}
    - target: {fileID: 188786, guid: a2507b8e2681bcc44ad4183e48f4589c, type: 3}
      propertyPath: m_Layer
      value: 10
      objectReference: {fileID: 0}
    - target: {fileID: 188786, guid: a2507b8e2681bcc44ad4183e48f4589c, type: 3}
      propertyPath: m_StaticEditorFlags
      value: 4294967295
      objectReference: {fileID: 0}
    - target: {fileID: 488086, guid: a2507b8e2681bcc44ad4183e48f4589c, type: 3}
      propertyPath: m_LocalPosition.x
      value: 0
      objectReference: {fileID: 0}
    - target: {fileID: 488086, guid: a2507b8e2681bcc44ad4183e48f4589c, type: 3}
      propertyPath: m_LocalPosition.y
      value: 23.760002
      objectReference: {fileID: 0}
    - target: {fileID: 488086, guid: a2507b8e2681bcc44ad4183e48f4589c, type: 3}
      propertyPath: m_LocalPosition.z
      value: 0
      objectReference: {fileID: 0}
    - target: {fileID: 488086, guid: a2507b8e2681bcc44ad4183e48f4589c, type: 3}
      propertyPath: m_LocalRotation.x
      value: 0
      objectReference: {fileID: 0}
    - target: {fileID: 488086, guid: a2507b8e2681bcc44ad4183e48f4589c, type: 3}
      propertyPath: m_LocalRotation.y
      value: -0.70710665
      objectReference: {fileID: 0}
    - target: {fileID: 488086, guid: a2507b8e2681bcc44ad4183e48f4589c, type: 3}
      propertyPath: m_LocalRotation.z
      value: 0
      objectReference: {fileID: 0}
    - target: {fileID: 488086, guid: a2507b8e2681bcc44ad4183e48f4589c, type: 3}
      propertyPath: m_LocalRotation.w
      value: 0.70710695
      objectReference: {fileID: 0}
    - target: {fileID: 488086, guid: a2507b8e2681bcc44ad4183e48f4589c, type: 3}
      propertyPath: m_RootOrder
      value: 5
      objectReference: {fileID: 0}
    - target: {fileID: 488086, guid: a2507b8e2681bcc44ad4183e48f4589c, type: 3}
      propertyPath: m_LocalEulerAnglesHint.x
      value: 0
      objectReference: {fileID: 0}
    - target: {fileID: 488086, guid: a2507b8e2681bcc44ad4183e48f4589c, type: 3}
      propertyPath: m_LocalEulerAnglesHint.y
      value: 0
      objectReference: {fileID: 0}
    - target: {fileID: 488086, guid: a2507b8e2681bcc44ad4183e48f4589c, type: 3}
      propertyPath: m_LocalEulerAnglesHint.z
      value: 0
      objectReference: {fileID: 0}
    - target: {fileID: 1958281303, guid: a2507b8e2681bcc44ad4183e48f4589c, type: 3}
      propertyPath: m_Layer
      value: 10
      objectReference: {fileID: 0}
    - target: {fileID: 1958281303, guid: a2507b8e2681bcc44ad4183e48f4589c, type: 3}
      propertyPath: m_StaticEditorFlags
      value: 4294967295
      objectReference: {fileID: 0}
    - target: {fileID: 3060553668421550032, guid: a2507b8e2681bcc44ad4183e48f4589c,
        type: 3}
      propertyPath: m_Materials.Array.data[0]
      value: 
      objectReference: {fileID: 2100000, guid: fc772073fb0d5e3459132daeaa84e9a0, type: 2}
    - target: {fileID: 5218912481598247722, guid: a2507b8e2681bcc44ad4183e48f4589c,
        type: 3}
      propertyPath: m_StaticEditorFlags
      value: 126
      objectReference: {fileID: 0}
    m_RemovedComponents: []
  m_SourcePrefab: {fileID: 100100000, guid: a2507b8e2681bcc44ad4183e48f4589c, type: 3}
--- !u!4 &1108095973 stripped
Transform:
  m_CorrespondingSourceObject: {fileID: 488086, guid: a2507b8e2681bcc44ad4183e48f4589c,
    type: 3}
  m_PrefabInstance: {fileID: 1108033907}
  m_PrefabAsset: {fileID: 0}
--- !u!1001 &1177790367
PrefabInstance:
  m_ObjectHideFlags: 0
  serializedVersion: 2
  m_Modification:
    m_TransformParent: {fileID: 492454}
    m_Modifications:
    - target: {fileID: 155662, guid: 0c4d65d4a970ec94e9c8b857586f6e71, type: 3}
      propertyPath: m_Name
      value: SM_Bld_OfficeRound_03
      objectReference: {fileID: 0}
    - target: {fileID: 155662, guid: 0c4d65d4a970ec94e9c8b857586f6e71, type: 3}
      propertyPath: m_Layer
      value: 10
      objectReference: {fileID: 0}
    - target: {fileID: 155662, guid: 0c4d65d4a970ec94e9c8b857586f6e71, type: 3}
      propertyPath: m_StaticEditorFlags
      value: 4294967295
      objectReference: {fileID: 0}
    - target: {fileID: 155662, guid: 0c4d65d4a970ec94e9c8b857586f6e71, type: 3}
      propertyPath: m_IsActive
      value: 1
      objectReference: {fileID: 0}
    - target: {fileID: 480488, guid: 0c4d65d4a970ec94e9c8b857586f6e71, type: 3}
      propertyPath: m_LocalPosition.x
      value: 0
      objectReference: {fileID: 0}
    - target: {fileID: 480488, guid: 0c4d65d4a970ec94e9c8b857586f6e71, type: 3}
      propertyPath: m_LocalPosition.y
      value: 15
      objectReference: {fileID: 0}
    - target: {fileID: 480488, guid: 0c4d65d4a970ec94e9c8b857586f6e71, type: 3}
      propertyPath: m_LocalPosition.z
      value: 0
      objectReference: {fileID: 0}
    - target: {fileID: 480488, guid: 0c4d65d4a970ec94e9c8b857586f6e71, type: 3}
      propertyPath: m_LocalRotation.x
      value: 0
      objectReference: {fileID: 0}
    - target: {fileID: 480488, guid: 0c4d65d4a970ec94e9c8b857586f6e71, type: 3}
      propertyPath: m_LocalRotation.y
      value: 0
      objectReference: {fileID: 0}
    - target: {fileID: 480488, guid: 0c4d65d4a970ec94e9c8b857586f6e71, type: 3}
      propertyPath: m_LocalRotation.z
      value: 0
      objectReference: {fileID: 0}
    - target: {fileID: 480488, guid: 0c4d65d4a970ec94e9c8b857586f6e71, type: 3}
      propertyPath: m_LocalRotation.w
      value: 1
      objectReference: {fileID: 0}
    - target: {fileID: 480488, guid: 0c4d65d4a970ec94e9c8b857586f6e71, type: 3}
      propertyPath: m_RootOrder
      value: 2
      objectReference: {fileID: 0}
    - target: {fileID: 787647406, guid: 0c4d65d4a970ec94e9c8b857586f6e71, type: 3}
      propertyPath: m_Enabled
      value: 1
      objectReference: {fileID: 0}
    - target: {fileID: 2337178, guid: 0c4d65d4a970ec94e9c8b857586f6e71, type: 3}
      propertyPath: m_Materials.Array.data[0]
      value: 
      objectReference: {fileID: 2100000, guid: ee5d59fcc8497a641905c26644c20880, type: 2}
    - target: {fileID: 351238836, guid: 0c4d65d4a970ec94e9c8b857586f6e71, type: 3}
      propertyPath: m_Layer
      value: 10
      objectReference: {fileID: 0}
    - target: {fileID: 351238836, guid: 0c4d65d4a970ec94e9c8b857586f6e71, type: 3}
      propertyPath: m_StaticEditorFlags
      value: 4294967295
      objectReference: {fileID: 0}
    - target: {fileID: 9159192507316781626, guid: 0c4d65d4a970ec94e9c8b857586f6e71,
        type: 3}
      propertyPath: m_Materials.Array.data[0]
      value: 
      objectReference: {fileID: 2100000, guid: fc772073fb0d5e3459132daeaa84e9a0, type: 2}
    - target: {fileID: 3692406152916605002, guid: 0c4d65d4a970ec94e9c8b857586f6e71,
        type: 3}
      propertyPath: m_StaticEditorFlags
      value: 126
      objectReference: {fileID: 0}
    m_RemovedComponents: []
  m_SourcePrefab: {fileID: 100100000, guid: 0c4d65d4a970ec94e9c8b857586f6e71, type: 3}
--- !u!4 &1177875319 stripped
Transform:
  m_CorrespondingSourceObject: {fileID: 480488, guid: 0c4d65d4a970ec94e9c8b857586f6e71,
    type: 3}
  m_PrefabInstance: {fileID: 1177790367}
  m_PrefabAsset: {fileID: 0}
--- !u!1001 &1221751881
PrefabInstance:
  m_ObjectHideFlags: 0
  serializedVersion: 2
  m_Modification:
    m_TransformParent: {fileID: 492454}
    m_Modifications:
    - target: {fileID: 188786, guid: a2507b8e2681bcc44ad4183e48f4589c, type: 3}
      propertyPath: m_Name
      value: SM_Bld_OfficeRound_Roof_03
      objectReference: {fileID: 0}
    - target: {fileID: 188786, guid: a2507b8e2681bcc44ad4183e48f4589c, type: 3}
      propertyPath: m_Layer
      value: 10
      objectReference: {fileID: 0}
    - target: {fileID: 188786, guid: a2507b8e2681bcc44ad4183e48f4589c, type: 3}
      propertyPath: m_StaticEditorFlags
      value: 4294967295
      objectReference: {fileID: 0}
    - target: {fileID: 488086, guid: a2507b8e2681bcc44ad4183e48f4589c, type: 3}
      propertyPath: m_LocalPosition.x
      value: 0
      objectReference: {fileID: 0}
    - target: {fileID: 488086, guid: a2507b8e2681bcc44ad4183e48f4589c, type: 3}
      propertyPath: m_LocalPosition.y
      value: 33
      objectReference: {fileID: 0}
    - target: {fileID: 488086, guid: a2507b8e2681bcc44ad4183e48f4589c, type: 3}
      propertyPath: m_LocalPosition.z
      value: 0
      objectReference: {fileID: 0}
    - target: {fileID: 488086, guid: a2507b8e2681bcc44ad4183e48f4589c, type: 3}
      propertyPath: m_LocalRotation.x
      value: 0
      objectReference: {fileID: 0}
    - target: {fileID: 488086, guid: a2507b8e2681bcc44ad4183e48f4589c, type: 3}
      propertyPath: m_LocalRotation.y
      value: -0.70710665
      objectReference: {fileID: 0}
    - target: {fileID: 488086, guid: a2507b8e2681bcc44ad4183e48f4589c, type: 3}
      propertyPath: m_LocalRotation.z
      value: 0
      objectReference: {fileID: 0}
    - target: {fileID: 488086, guid: a2507b8e2681bcc44ad4183e48f4589c, type: 3}
      propertyPath: m_LocalRotation.w
      value: 0.70710695
      objectReference: {fileID: 0}
    - target: {fileID: 488086, guid: a2507b8e2681bcc44ad4183e48f4589c, type: 3}
      propertyPath: m_RootOrder
      value: 3
      objectReference: {fileID: 0}
    - target: {fileID: 1541302315, guid: a2507b8e2681bcc44ad4183e48f4589c, type: 3}
      propertyPath: m_Enabled
      value: 1
      objectReference: {fileID: 0}
    - target: {fileID: 2339944, guid: a2507b8e2681bcc44ad4183e48f4589c, type: 3}
      propertyPath: m_Materials.Array.data[0]
      value: 
      objectReference: {fileID: 2100000, guid: ee5d59fcc8497a641905c26644c20880, type: 2}
    - target: {fileID: 1958281303, guid: a2507b8e2681bcc44ad4183e48f4589c, type: 3}
      propertyPath: m_Layer
      value: 10
      objectReference: {fileID: 0}
    - target: {fileID: 1958281303, guid: a2507b8e2681bcc44ad4183e48f4589c, type: 3}
      propertyPath: m_StaticEditorFlags
      value: 4294967295
      objectReference: {fileID: 0}
    - target: {fileID: 3060553668421550032, guid: a2507b8e2681bcc44ad4183e48f4589c,
        type: 3}
      propertyPath: m_Materials.Array.data[0]
      value: 
      objectReference: {fileID: 2100000, guid: fc772073fb0d5e3459132daeaa84e9a0, type: 2}
    - target: {fileID: 5218912481598247722, guid: a2507b8e2681bcc44ad4183e48f4589c,
        type: 3}
      propertyPath: m_StaticEditorFlags
      value: 126
      objectReference: {fileID: 0}
    m_RemovedComponents: []
  m_SourcePrefab: {fileID: 100100000, guid: a2507b8e2681bcc44ad4183e48f4589c, type: 3}
--- !u!4 &1221920479 stripped
Transform:
  m_CorrespondingSourceObject: {fileID: 488086, guid: a2507b8e2681bcc44ad4183e48f4589c,
    type: 3}
  m_PrefabInstance: {fileID: 1221751881}
  m_PrefabAsset: {fileID: 0}
